<record><leader>00000cas a22000007a 4500</leader><controlfield tag="001">16639375</controlfield><controlfield tag="008">870903d19391967iauwr ne      0    0eng d</controlfield><datafield ind1=" " ind2=" " tag="010"><subfield code="a">sn 87058473 </subfield></datafield><datafield ind1=" " ind2=" " tag="040"><subfield code="a">INP</subfield><subfield code="b">eng</subfield><subfield code="c">INP</subfield><subfield code="d">OCLCQ</subfield></datafield><datafield ind1=" " ind2=" " tag="042"><subfield code="a">msc</subfield></datafield><datafield ind1="0" ind2=" " tag="130"><subfield code="a">Mallard leader (Mallard, Iowa : 1939)</subfield></datafield><datafield ind1="1" ind2="4" tag="245"><subfield code="a">The Mallard leader.</subfield></datafield><datafield ind1=" " ind2=" " tag="260"><subfield code="a">Mallard, Palo Alto County, Iowa :</subfield><subfield code="b">Le Roy Overstreet,</subfield><subfield code="c">1939-</subfield></datafield><datafield ind1=" " ind2=" " tag="300"><subfield code="a">v.</subfield></datafield><datafield ind1=" " ind2=" " tag="310"><subfield code="a">Weekly</subfield></datafield><datafield ind1="0" ind2=" " tag="362"><subfield code="a">Vol. 1, no. 1 (Sept. 14, 1939)-</subfield></datafield><datafield ind1="1" ind2=" " tag="362"><subfield code="a">Ceased Dec. 28, 1967.</subfield></datafield><datafield ind1=" " ind2=" " tag="752"><subfield code="a">United States</subfield><subfield code="b">Iowa</subfield><subfield code="c">Palo Alto</subfield><subfield code="d">Mallard.</subfield></datafield></record>